@article{mBarrosMolCom,
title = "Ca2+-signaling-based molecular communication systems: Design and future research directions",
journal = "Nano Communication Networks",
volume = "11",
pages = "103 - 113",
year = "2017",
issn = "1878-7789",
doi = "https://doi.org/10.1016/j.nancom.2017.02.001",
url = "http://www.sciencedirect.com/science/article/pii/S1878778916300904",
author = "Michael Taynnan Barros"
}

@book{neuronBook,
  title={The NEURON book},
  author={Carnevale, Nicholas T and Hines, Michael L},
  year={2006},
  publisher={Cambridge University Press}
}

@article{neuronSimEnv,
  title={The NEURON simulation environment},
  author={Hines, Michael L and Carnevale, Nicholas T},
  journal={Neural computation},
  volume={9},
  number={6},
  pages={1179--1209},
  year={1997},
  publisher={MIT Press}
}

@article{kernighan1979unix,
  title={The UNIX™ programming environment},
  author={Kernighan, Brian W and Mashey, John R},
  journal={Software: Practice and Experience},
  volume={9},
  number={1},
  pages={1--15},
  year={1979},
  publisher={Wiley Online Library}
}

@article{reconSim,
title = "Reconstruction and Simulation of Neocortical Microcircuitry",
journal = "Cell",
volume = "163",
number = "2",
pages = "456 - 492",
year = "2015",
issn = "0092-8674",
doi = "https://doi.org/10.1016/j.cell.2015.09.029",
url = "http://www.sciencedirect.com/science/article/pii/S0092867415011915",
author = "Henry Markram and Eilif Muller and Srikanth Ramaswamy and Michael W. Reimann and Marwan Abdellah and Carlos Aguado Sanchez and Anastasia Ailamaki and Lidia Alonso-Nanclares and Nicolas Antille and Selim Arsever and Guy Antoine Atenekeng Kahou and Thomas K. Berger and Ahmet Bilgili and Nenad Buncic and Athanassia Chalimourda and Giuseppe Chindemi and Jean-Denis Courcol and Fabien Delalondre and Vincent Delattre and Shaul Druckmann and Raphael Dumusc and James Dynes and Stefan Eilemann and Eyal Gal and Michael Emiel Gevaert and Jean-Pierre Ghobril and Albert Gidon and Joe W. Graham and Anirudh Gupta and Valentin Haenel and Etay Hay and Thomas Heinis and Juan B. Hernando and Michael Hines and Lida Kanari and Daniel Keller and John Kenyon and Georges Khazen and Yihwa Kim and James G. King and Zoltan Kisvarday and Pramod Kumbhar and Sébastien Lasserre and Jean-Vincent Le Bé and Bruno R.C. Magalhães and Angel Merchán-Pérez and Julie Meystre and Benjamin Roy Morrice and Jeffrey Muller and Alberto Muñoz-Céspedes and Shruti Muralidhar and Keerthan Muthurasa and Daniel Nachbaur and Taylor H. Newton and Max Nolte and Aleksandr Ovcharenko and Juan Palacios and Luis Pastor and Rodrigo Perin and Rajnish Ranjan and Imad Riachi and José-Rodrigo Rodríguez and Juan Luis Riquelme and Christian Rössert and Konstantinos Sfyrakis and Ying Shi and Julian C. Shillcock and Gilad Silberberg and Ricardo Silva and Farhan Tauheed and Martin Telefont and Maria Toledo-Rodriguez and Thomas Tränkler and Werner Van Geit and Jafet Villafranca Díaz and Richard Walker and Yun Wang and Stefano M. Zaninetta and Javier DeFelipe and Sean L. Hill and Idan Segev and Felix Schürmann"
}

@online{neuronAnnotated,
 author  = "Wikimedia Commons",
 title   = "Neuron - annotated",
 year    = "2008",
 url     = "https://commons.wikimedia.org/wiki/File:Neuron_-_annotated.svg",
}

@online{synapseAnnotated,
 author  = "Wikimedia Commons",
 title   = "Synapse Schematic",
 year    = "2015",
 url     = "https://commons.wikimedia.org/wiki/File:SynapseSchematic_en.svg",
}
@online{svmDiagWc,
 author  = "Wikimedia Commons",
 title   = "Kernel Machine",
 year    = "2011",
 url     = "https://commons.wikimedia.org/wiki/File:Kernel_Machine.svg",
}

@article{reimann2015algorithm,
  title={An algorithm to predict the connectome of neural microcircuits},
  author={Reimann, Michael W and King, James G and Muller, Eilif B and Ramaswamy, Srikanth and Markram, Henry},
  journal={Frontiers in computational neuroscience},
  volume={9},
  pages={28},
  year={2015},
  publisher={Frontiers}
}

@misc{NEURON,
  title={NEURON - Empirically-based simulations of neurons and networks of neurons - https://www.neuron.yale.edu/neuron/},
  author={Yale},
  url = {https://www.neuron.yale.edu/neuron},
  year={2018}
}

@misc{rapidMiner,
  title={RapidMiner: Lightning Fast Data Science for Teams - https://rapidminer.com},
  author={RapidMiner},
  url = {https://rapidminer.com},
  year={2018}
}

@article{NeurDust,
author = {M Neely, Ryan and K Piech, David and R Santacruz, Samantha and Maharbiz, M.M. and M Carmena, Jose},
year = {2018},
month = {01},
pages = {64-71},
title = {Recent advances in neural dust: towards a neural interface platform},
volume = {50},
journal = {Current opinion in neurobiology},
doi = {10.1016/j.conb.2017.12.010}
}

@article{ekkyProj,
  title={Inferencing Cortical Circuits Topologies with Communication Analysis and Machine Learning},
  author={A. Ekky},
  year={2018}
}

@article{lnp,
  title={A simple white noise analysis of neuronal light responses},
  author={Chichilnisky, EJ},
  journal={Network: Computation in Neural Systems},
  volume={12},
  number={2},
  pages={199--213},
  year={2001},
  publisher={Taylor \& Francis}
}

@article{bbpTop,
  title={Rich cell-type-specific network topology in neocortical microcircuitry},
  author={Gal, Eyal and London, Michael and Globerson, Amir and Ramaswamy, Srikanth and Reimann, Michael W and Muller, Eilif and Markram, Henry and Segev, Idan},
  journal={Nature neuroscience},
  volume={20},
  number={7},
  pages={1004},
  year={2017},
  publisher={Nature Publishing Group}
}

@article{intTom,
  title={Internet tomography},
  author={Coates, AHeroIII and Hero III, Alfred O and Nowak, Robert and Yu, Bin},
  journal={IEEE Signal processing magazine},
  volume={19},
  number={3},
  pages={47--65},
  year={2002},
  publisher={IEEE}
}

@article{markram1997physiology,
  title={Physiology and anatomy of synaptic connections between thick tufted pyramidal neurones in the developing rat neocortex.},
  author={Markram, Henry and L{\"u}bke, Joachim and Frotscher, Michael and Roth, Arnd and Sakmann, Bert},
  journal={The Journal of physiology},
  volume={500},
  number={2},
  pages={409--440},
  year={1997},
  publisher={Wiley Online Library}
}

@article{stimProtMark,
title = "Reconstruction and Simulation of Neocortical Microcircuitry",
journal = "Cell",
volume = "163",
number = "2",
pages = "456 - 492",
year = "2015",
issn = "0092-8674",
doi = "https://doi.org/10.1016/j.cell.2015.09.029",
url = "http://www.sciencedirect.com/science/article/pii/S0092867415011915"
}

@article{wang2002anatomical,
  title={Anatomical, physiological, molecular and circuit properties of nest basket cells in the developing somatosensory cortex},
  author={Wang, Yun and Gupta, Anirudh and Toledo-Rodriguez, Maria and Wu, Cai Zhi and Markram, Henry},
  journal={Cerebral cortex},
  volume={12},
  number={4},
  pages={395--410},
  year={2002},
  publisher={Oxford University Press}
}

@ARTICLE{netTomFour, 
author={A. {Chen} and J. {Cao} and T. {Bu}}, 
journal={IEEE Transactions on Signal Processing}, 
title={Network Tomography: Identifiability and Fourier Domain Estimation}, 
year={2010}, 
volume={58}, 
number={12}, 
pages={6029-6039}, 
keywords={Fourier analysis;Internet;matrix inversion;method of moments;network theory (graphs);statistical distributions;telecommunication network routing;telecommunication network topology;tomography;identifiability;Fourier domain estimation;statistical problem;measurement model;binary matrix;network routing topology;network delay tomography;link delay distribution;end-to-end delay measurement;general method of moments;Internet trace driven simulation;Tomography;Delay;Characteristic function;identifiability;mixture model;network tomography}, 
doi={10.1109/TSP.2010.2068294}, 
ISSN={1053-587X}, 
month={Dec},}

@online{nmcPortal,
author = {{Blue Brain Project}},
title  = {{NMC Portal}},
date   = {2016},
note = {\url{https://bbp.epfl.ch/nmc-portal/welcome}},
}

@article{sysIdA,
  title={Techniques for digital filter design and system identification with application to the violin},
  author={Smith, Julius Orion},
  year={1983}
}
@book{sysIdB,
  title={Theory and practice of recursive identification},
  author={Ljung, Lennart and S{\"o}derstr{\"o}m, Torsten},
  year={1983},
  publisher={MIT press}
}

@BOOK{sysIdC,
	AUTHOR = "Julius O. Smith",
	TITLE = "Introduction to Digital Filters with Audio Applications",
	PUBLISHER = "\htmladdnormallink{\texttt{http:}}{http://ccrma.stanford.edu/~jos/filters/}\texttt{//\-ccrma.stanford.edu/\-\~{}jos/\-filters/}",
	YEAR = "accessed (date accessed)",
        NOTE = "online book"
}

@online{neurpyGit,
author = {{Peter Mullen}},
title  = {{Neurpy Library}},
date   = {2019},
note = {\url{https://github.com/platinum95/Neurpy}},
}


@article{lnpInBrain,
  title={A simple white noise analysis of neuronal light responses},
  author={Chichilnisky, EJ},
  journal={Network: Computation in Neural Systems},
  volume={12},
  number={2},
  pages={199--213},
  year={2001},
  publisher={Taylor \& Francis}
}

@article{mineInfo,
  title={Mine: mutual information neural estimation},
  author={Belghazi, Mohamed Ishmael and Baratin, Aristide and Rajeswar, Sai and Ozair, Sherjil and Bengio, Yoshua and Courville, Aaron and Hjelm, R Devon},
  journal={arXiv preprint arXiv:1801.04062},
  year={2018}
}

@article{spikeTrainInfo,
  title={Entropy and information in neural spike trains},
  author={Strong, Steven P and Koberle, Roland and van Steveninck, Rob R de Ruyter and Bialek, William},
  journal={Physical review letters},
  volume={80},
  number={1},
  pages={197},
  year={1998},
  publisher={APS}
}
